<record xmlns="http://www.loc.gov/MARC21/slim" xmlns:xsi="http://www.w3.org/2001/XMLSchema-instance" xsi:schemaLocation="http://www.loc.gov/MARC21/slim http://www.loc.gov/standards/marcxml/schema/MARC21slim.xsd"><leader>03577nam a2200589   4500</leader><controlfield tag="001">3068058</controlfield><controlfield tag="003">NNC</controlfield><controlfield tag="006">m        d        </controlfield><controlfield tag="007">cr cn |||m|||a</controlfield><controlfield tag="008">150223s1962    sy bh   ob    001 0 ara d</controlfield><datafield ind1=" " ind2=" " tag="040"><subfield code="a">NNU</subfield><subfield code="b">eng</subfield><subfield code="c">NNU</subfield></datafield><datafield ind1=" " ind2=" " tag="043"><subfield code="a">a-le---</subfield><subfield code="a">a-jo---</subfield><subfield code="a">a-is---</subfield></datafield><datafield ind1=" " ind2="4" tag="050"><subfield code="a">DS105</subfield><subfield code="b">.I26 1962</subfield></datafield><datafield ind1="1" ind2=" " tag="100"><subfield code="6">880-01</subfield><subfield code="a">Ibn Shadda&#772;d, Muh&#803;ammad ibn &#699;Ali&#772;,</subfield><subfield code="d">1217-1285.</subfield></datafield><datafield ind1="1" ind2="0" tag="240"><subfield code="6">880-02</subfield><subfield code="a">A&#699;la&#772;q al-khat&#803;i&#772;rah fi&#772; dhikr umara&#772;&#700; al-Sha&#772;m wa-al-Jazi&#772;rah.</subfield><subfield code="k">Selections.</subfield></datafield><datafield ind1="1" ind2="3" tag="245"><subfield code="6">880-03</subfield><subfield code="a">al-A&#699;la&#772;q al-khat&#803;i&#772;rah fi&#772; dhikr umara&#772;&#700; al-Sha&#772;m wa-al-Jazi&#772;rah</subfield><subfield code="h">[electronic resource] :</subfield><subfield code="b">ta&#772;ri&#772;kh Lubna&#772;n wa-al-Urdunn wa-Filast&#803;i&#772;n /</subfield><subfield code="c">li-Ibn Shadda&#772;d, &#699;Izz al-Di&#772;n Abi&#772; &#699;Abd Alla&#772;h Muh&#803;ammad ibn &#699;Ali&#772; Ibra&#772;hi&#772;m al-H&#803;alabi&#772; ; &#699;uniya&#769; bi-nashrihi wa-tah&#803;qi&#772;qihi wa-wad&#803;&#699; faha&#772;risihi Sa&#772;mi&#772; al-Dahha&#772;n.</subfield></datafield><datafield ind1="3" ind2="0" tag="246"><subfield code="6">880-04</subfield><subfield code="a">Ta&#772;ri&#772;kh Lubna&#772;n wa-al-Urdunn wa-Filast&#803;i&#772;n</subfield></datafield><datafield ind1="1" ind2="5" tag="246"><subfield code="a">Liban, Jordanie, Palestine :</subfield><subfield code="b">topographie historique d'Ibn S&#780;adda&#772;d</subfield></datafield><datafield ind1=" " ind2=" " tag="260"><subfield code="6">880-05</subfield><subfield code="a">Dimashq :</subfield><subfield code="b">al-Ma&#699;had al-Faransi&#772; lil-Dira&#772;sa&#772;t al-&#699;Arabi&#772;yah,</subfield><subfield code="c">1962.</subfield></datafield><datafield ind1=" " ind2=" " tag="300"><subfield code="a">online resource (35, 347 p., [4] leaves of plates) :</subfield><subfield code="b">facsims.</subfield></datafield><datafield ind1=" " ind2=" " tag="500"><subfield code="a">Part of the Arabic Collections Online (ACO) project, contributed by Columbia University Libraries.</subfield></datafield><datafield ind1=" " ind2=" " tag="504"><subfield code="a">Includes bibliographical references (p. 335-341) and indexes.</subfield></datafield><datafield ind1=" " ind2=" " tag="500"><subfield code="a">Date on spine: 1963.</subfield></datafield><datafield ind1=" " ind2=" " tag="533"><subfield code="a">Electronic reproduction.</subfield><subfield code="b">New York, N.Y. :</subfield><subfield code="c">New York University,</subfield><subfield code="d">2015.</subfield><subfield code="5">NNU</subfield></datafield><datafield ind1=" " ind2="0" tag="651"><subfield code="a">Syria</subfield><subfield code="x">Description and travel</subfield><subfield code="v">Early works to 1800.</subfield></datafield><datafield ind1=" " ind2="0" tag="651"><subfield code="a">Lebanon</subfield><subfield code="x">Description and travel</subfield><subfield code="x">Early works to 1800.</subfield></datafield><datafield ind1=" " ind2="0" tag="651"><subfield code="a">Jordan</subfield><subfield code="x">Description and travel</subfield><subfield code="x">Early works to 1800.</subfield></datafield><datafield ind1=" " ind2="0" tag="651"><subfield code="a">Palestine</subfield><subfield code="x">Description and travel</subfield><subfield code="x">Early works to 1800.</subfield></datafield><datafield ind1=" " ind2="0" tag="651"><subfield code="a">Lebanon</subfield><subfield code="x">History</subfield><subfield code="y">635-1516.</subfield></datafield><datafield ind1=" " ind2="0" tag="651"><subfield code="a">Jordan</subfield><subfield code="x">History.</subfield></datafield><datafield ind1=" " ind2="0" tag="651"><subfield code="a">Palestine</subfield><subfield code="x">History</subfield><subfield code="y">638-1917.</subfield></datafield><datafield ind1=" " ind2="7" tag="650"><subfield code="a">Travel.</subfield><subfield code="2">fast</subfield><subfield code="0">(OCoLC)fst01155558</subfield></datafield><datafield ind1=" " ind2="7" tag="651"><subfield code="a">Jordan.</subfield><subfield code="2">fast</subfield><subfield code="0">(OCoLC)fst01205669</subfield></datafield><datafield ind1=" " ind2="7" tag="651"><subfield code="a">Lebanon.</subfield><subfield code="2">fast</subfield><subfield code="0">(OCoLC)fst01206063</subfield></datafield><datafield ind1=" " ind2="7" tag="651"><subfield code="a">Middle East</subfield><subfield code="z">Palestine.</subfield><subfield code="2">fast</subfield><subfield code="0">(OCoLC)fst01207534</subfield></datafield><datafield ind1=" " ind2="7" tag="651"><subfield code="a">Syria.</subfield><subfield code="2">fast</subfield><subfield code="0">(OCoLC)fst01208757</subfield></datafield><datafield ind1=" " ind2="7" tag="648"><subfield code="a">635 - 1917</subfield><subfield code="2">fast</subfield></datafield><datafield ind1=" " ind2="7" tag="655"><subfield code="a">Early works.</subfield><subfield code="2">fast</subfield><subfield code="0">(OCoLC)fst01411636</subfield></datafield><datafield ind1=" " ind2="7" tag="655"><subfield code="a">History.</subfield><subfield code="2">fast</subfield><subfield code="0">(OCoLC)fst01411628</subfield></datafield><datafield ind1="1" ind2=" " tag="700"><subfield code="6">880-06</subfield><subfield code="a">Dahha&#772;n, Sa&#772;mi&#772;.</subfield></datafield><datafield ind1="2" ind2=" " tag="710"><subfield code="a">Columbia University.</subfield><subfield code="b">Libraries.</subfield></datafield><datafield ind1="0" ind2=" " tag="730"><subfield code="a">Arabic Collections Online.</subfield></datafield><datafield ind1="0" ind2="8" tag="776"><subfield code="i">Print version:</subfield><subfield code="a">Ibn Shadda&#772;d, Muh&#803;ammad ibn &#699;Ali&#772;, 1217-1285.</subfield><subfield code="t">al-A&#699;la&#772;q al-khat&#803;i&#772;rah fi&#772; dhikr umara&#772;&#700; al-Sha&#772;m wa-al-Jazi&#772;rah</subfield><subfield code="w">(NNC)3068058</subfield><subfield code="w">(OCoLC)231764883</subfield></datafield><datafield ind1="4" ind2="0" tag="856"><subfield code="u">http://hdl.handle.net/2333.1/h44j11jn</subfield></datafield><datafield ind1="1" ind2=" " tag="880"><subfield code="6">100-01</subfield><subfield code="a">&#1575;&#1576;&#1606; &#1588;&#1583;&#1575;&#1583;&#1548; &#1605;&#1581;&#1605;&#1583; &#1576;&#1606; &#1593;&#1604;&#1610;.</subfield></datafield><datafield ind1="1" ind2="0" tag="880"><subfield code="6">240-02</subfield><subfield code="a">&#1575;&#1604;&#1571;&#1593;&#1604;&#1575;&#1602; &#1575;&#1604;&#1582;&#1591;&#1610;&#1585;&#1577; &#1601;&#1610; &#1584;&#1603;&#1585; &#1571;&#1605;&#1585;&#1575;&#1569; &#1575;&#1604;&#1588;&#1575;&#1605; &#1608; &#1575;&#1604;&#1580;&#1586;&#1610;&#1585;&#1577;.</subfield><subfield code="n">&#1580;&#1586;&#1569; &#1634;&#1548; &#1602;&#1587;&#1605; &#1634;.</subfield></datafield><datafield ind1="1" ind2="2" tag="880"><subfield code="6">245-03</subfield><subfield code="a">&#1575;&#1604;&#1571;&#1593;&#1604;&#1575;&#1602; &#1575;&#1604;&#1582;&#1591;&#1610;&#1585;&#1577; &#1601;&#1610; &#1584;&#1603;&#1585; &#1571;&#1605;&#1585;&#1575;&#1569; &#1575;&#1604;&#1588;&#1575;&#1605; &#1608;&#1575;&#1604;&#1580;&#1586;&#1610;&#1585;&#1577; :</subfield><subfield code="b">&#1578;&#1575;&#1585;&#1610;&#1582; &#1604;&#1576;&#1606;&#1575;&#1606; &#1608; &#1575;&#1604;&#1571;&#1585;&#1583;&#1606; &#1608; &#1601;&#1604;&#1587;&#1591;&#1610;&#1606; /</subfield><subfield code="c">&#1604;&#1575;&#1576;&#1606; &#1588;&#1583;&#1575;&#1583; &#1593;&#1586; &#1575;&#1604;&#1583;&#1610;&#1606; &#1571;&#1576;&#1610; &#1593;&#1576;&#1583; &#1575;&#1604;&#1604;&#1607; &#1605;&#1581;&#1605;&#1583; &#1576;&#1606; &#1575;&#1576;&#1585;&#1575;&#1607;&#1610;&#1605; &#1575;&#1604;&#1581;&#1604;&#1576;&#1610; &#1563; &#1593;&#1606;&#1610; &#1576;&#1606;&#1588;&#1585;&#1607; &#1608;&#1578;&#1581;&#1602;&#1610;&#1602;&#1607; &#1608;&#1608;&#1590;&#1593; &#1601;&#1607;&#1575;&#1585;&#1587;&#1607; &#1587;&#1575;&#1605;&#1610; &#1575;&#1604;&#1583;&#1607;&#1575;&#1606;.</subfield></datafield><datafield ind1="3" ind2="0" tag="880"><subfield code="6">246-04</subfield><subfield code="a">&#1578;&#1575;&#1585;&#1610;&#1582; &#1604;&#1576;&#1606;&#1575;&#1606; &#1608;&#1575;&#1604;&#1571;&#1585;&#1583;&#1606; &#1608;&#1601;&#1604;&#1587;&#1591;&#1610;&#1606;.</subfield></datafield><datafield ind1=" " ind2=" " tag="880"><subfield code="6">260-05</subfield><subfield code="a">&#1583;&#1605;&#1588;&#1602; :</subfield><subfield code="b">&#1575;&#1604;&#1605;&#1593;&#1607;&#1583; &#1575;&#1604;&#1601;&#1585;&#1606;&#1587;&#1610; &#1604;&#1604;&#1583;&#1585;&#1575;&#1587;&#1575;&#1578; &#1575;&#1604;&#1593;&#1585;&#1576;&#1610;&#1577;&#1548;</subfield><subfield code="c">&#1633;&#1641;&#1638;&#1634;.</subfield></datafield><datafield ind1="1" ind2=" " tag="880"><subfield code="6">700-06</subfield><subfield code="a">&#1587;&#1575;&#1605;&#1610; &#1575;&#1604;&#1583;&#1607;&#1575;&#1606;.</subfield></datafield><datafield ind1=" " ind2=" " tag="959"><subfield code="a">NNU</subfield><subfield code="b">WEB</subfield><subfield code="c">GENI</subfield><subfield code="t">0</subfield><subfield code="m">Electronic access</subfield><subfield code="s">01</subfield></datafield><datafield ind1=" " ind2=" " tag="999"><subfield code="i">NNC_3068058</subfield><subfield code="o">(OCoLC)231764883</subfield><subfield code="e">OK</subfield><subfield code="s">columbia_aco000022</subfield></datafield></record>